<mx:record xmlns="http://www.w3.org/TR/xhtml1/strict" xmlns:mx="http://www.loc.gov/MARC21/slim" xmlns:xsi="http://www.w3.org/2001/XMLSchema-instance"><mx:leader>00000cz   2200000n  4500</mx:leader><mx:controlfield tag="001">oca01530127 </mx:controlfield><mx:controlfield tag="005">19990507052344.1</mx:controlfield><mx:controlfield tag="008">860312n| acannaab|          |a aaa      </mx:controlfield><mx:datafield ind1=" " ind2=" " tag="010"><mx:subfield code="a">n  85339288 </mx:subfield></mx:datafield><mx:datafield ind1=" " ind2=" " tag="040"><mx:subfield code="a">DLC</mx:subfield><mx:subfield code="c">DLC</mx:subfield><mx:subfield code="d">DLC</mx:subfield><mx:subfield code="d">NNU</mx:subfield></mx:datafield><mx:datafield ind1="0" ind2=" " tag="100"><mx:subfield code="a">Richer,</mx:subfield><mx:subfield code="c">of Saint-Rémy,</mx:subfield><mx:subfield code="d">10th cent.</mx:subfield></mx:datafield><mx:datafield ind1="0" ind2=" " tag="400"><mx:subfield code="a">Richer,</mx:subfield><mx:subfield code="c">von Saint-Remi,</mx:subfield><mx:subfield code="d">10th cent.</mx:subfield></mx:datafield><mx:datafield ind1="0" ind2=" " tag="400"><mx:subfield code="a">Richer,</mx:subfield><mx:subfield code="c">of Reims,</mx:subfield><mx:subfield code="d">10th cent.</mx:subfield></mx:datafield><mx:datafield ind1="0" ind2=" " tag="400"><mx:subfield code="a">Richerus,</mx:subfield><mx:subfield code="d">10th cent.</mx:subfield></mx:datafield><mx:datafield ind1="0" ind2=" " tag="400"><mx:subfield code="a">Richer,</mx:subfield><mx:subfield code="c">French chronicler,</mx:subfield><mx:subfield code="d">10th cent.</mx:subfield><mx:subfield code="w">nnaa</mx:subfield></mx:datafield><mx:datafield ind1=" " ind2=" " tag="670"><mx:subfield code="a">Kortüm, H.-H. Richer von Saint-Remi, 1985:</mx:subfield><mx:subfield code="b">p. 12, etc. (b. and d. date unknown, d. around beginning of 11th cent. in Chartres; Richer of Rheims)</mx:subfield></mx:datafield><mx:datafield ind1=" " ind2=" " tag="670"><mx:subfield code="a">Petit Robert, 1984</mx:subfield><mx:subfield code="b">(Richer; moine de Saint-Rémi de Reims; lived during latter pt. of 10th cent.)</mx:subfield></mx:datafield><mx:datafield ind1=" " ind2=" " tag="670"><mx:subfield code="a">Grand dict. encyc. Larousse</mx:subfield><mx:subfield code="b">(Richer, chroniqueur français de la fin du Xe siècle, moine de St-Rémi de Reims)</mx:subfield></mx:datafield><mx:datafield ind1=" " ind2=" " tag="670"><mx:subfield code="a">Encyc. Brit., 15th ed.</mx:subfield><mx:subfield code="b">(Richer of Saint-Rémy, 10th cent. French chronicler)</mx:subfield></mx:datafield><mx:datafield ind1=" " ind2=" " tag="670"><mx:subfield code="a">New Cath. encyc.</mx:subfield><mx:subfield code="b">(Richer of Saint-Remy (Reims), d. after 998)</mx:subfield></mx:datafield><mx:datafield ind1=" " ind2=" " tag="670"><mx:subfield code="a">LC manual cat.</mx:subfield><mx:subfield code="b">(hdg.: Richer, French chronicler, 10th cent.; usage: Richer, Richerus)</mx:subfield></mx:datafield><mx:datafield ind1=" " ind2=" " tag="999"><mx:subfield code="a">47</mx:subfield></mx:datafield></mx:record>